@article{TODO,
  author = {Holder, Place},
  title = {If this reference exists I need to check my references},
  journal = {The TODO journal of fake data},
  year = 7991,
volume = {MCMXCVII},
}

@book{ramsey2012statistical,
  title={The statistical sleuth: a course in methods of data analysis},
  author={Ramsey, Fred and Schafer, Daniel},
  year={2012},
  publisher={Cengage Learning}
}
